@online{JPEG106thMeeting,
  title = {{{JPEG}} - 106th {{Meeting}} – {{Online}} - {{JPEG AI}} Becomes an {{International Standard}}},
  url = {https://jpeg.org/items/20250219_press.html},
  urldate = {2025-08-22},
}

@article{jpeg,
  title={The JPEG still picture compression standard},
  author={Wallace, Gregory K},
  journal={Communications of the ACM},
  volume={34},
  number={4},
  pages={30--44},
  year={1991},
  publisher={AcM New York, NY, USA}
}

@article{ascenso2023jpegAI,
  title={The JPEG AI standard: Providing efficient human and machine visual data consumption},
  author={Ascenso, Jo{\~a}o and Alshina, Elena and Ebrahimi, Touradj},
  journal={Ieee Multimedia},
  volume={30},
  number={1},
  pages={100--111},
  year={2023},
  publisher={IEEE}
}

@article{ascenso2019performance,
  title={Performance evaluation of learning based image coding solutions and quality metrics},
  author={Ascenso, J and Akayzi, P and Testolina, M and Boev, A and Alshina, E},
  journal={ISO/IEC JTC},
  volume={1},
  year={2019}
}

@inproceedings{sonehara1989image,
  title={Image data compression using a neural network model},
  author={Sonehara and Kawato and Miyake and Nakane},
  booktitle={International 1989 Joint Conference on Neural Networks},
  pages={35--41},
  year={1989},
  organization={IEEE}
}
@article{sicuranza1990artificial,
  title={Artificial neural network for image compression},
  author={Sicuranza, GL and Ramponi, GIOVANNI and Marsi, Stefano},
  journal={Electronics letters},
  volume={26},
  number={7},
  pages={477--479},
  year={1990},
  publisher={IET}
}

@article{balle2018variational,
  title={Variational image compression with a scale hyperprior},
  author={Ball{\'e}, Johannes and Minnen, David and Singh, Saurabh and Hwang, Sung Jin and Johnston, Nick},
  year={2018}
}

@article{minnen2018joint,
  title={Joint autoregressive and hierarchical priors for learned image compression},
  author={Minnen, David and Ball{\'e}, Johannes and Toderici, George D},
  journal={Advances in neural information processing systems},
  volume={31},
  year={2018}
}

@article{huang2024unveiling,
  title={Unveiling the future of human and machine coding: A survey of end-to-end learned image compression},
  author={Huang, Chen-Hsiu and Wu, Ja-Ling},
  journal={Entropy},
  volume={26},
  number={5},
  pages={357},
  year={2024},
  publisher={MDPI}
}
@article{mishra2022deep,
  title={Deep architectures for image compression: a critical review},
  author={Mishra, Dipti and Singh, Satish Kumar and Singh, Rajat Kumar},
  journal={Signal Processing},
  volume={191},
  pages={108346},
  year={2022},
  publisher={Elsevier}
}
@article{theis2017lossy,
  title={Lossy image compression with compressive autoencoders},
  author={Theis, Lucas and Shi, Wenzhe and Cunningham, Andrew and Husz{\'a}r, Ferenc},
  journal={arXiv preprint arXiv:1703.00395},
  year={2017}
}

@article{ascenso2019report,
  title={Report on the state-of-the-art of learning based image coding},
  author={Ascenso, J and Akayzi, P},
  journal={ISO/IEC JTC 1/SC29/WG1, Geneva, Document N83058},
  year={2019}
}
@article{zhang2025unmasking,
  title={Unmasking AI-Created Visual Content: A Review of Generated Images and Deepfake Detection Technologies},
  author={Zhang, Yupeng and Pang, Zongwei and Huang, Shanyuan and Wang, Chengyou and Zhou, Xiao},
  year={2025},
  publisher={Preprints}
}
@misc{jpeg-ai-ref-sw,
  title = {{{JPEG}} / {{JPEG AI}} / {{JPEG AI Reference Software}} {$\cdot$} {{GitLab}}},
  year = {2025},
  month = jul,
  journal = {GitLab},
  urldate = {2025-08-25},
  abstract = {GitLab.com},
  howpublished = {https://gitlab.com/wg1/jpeg-ai/jpeg-ai-reference-software},
  langid = {english},
  file = {/home/edo/Zotero/storage/4N35BCSA/2025 - JPEG _ JPEG AI _ JPEG AI Reference Software · GitL.html}
}
@inproceedings{karras2019style,
  title={A style-based generator architecture for generative adversarial networks},
  author={Karras, Tero and Laine, Samuli and Aila, Timo},
  booktitle={Proceedings of the IEEE/CVF conference on computer vision and pattern recognition},
  pages={4401--4410},
  year={2019}
}

@misc{NVlabsFfhqdataset2025,
  title = {{{NVlabs}}/Ffhq-Dataset},
  year = {2025},
  month = aug,
  urldate = {2025-08-25},
  abstract = {Flickr-Faces-HQ Dataset (FFHQ)},
  howpublished = {NVIDIA Research Projects}
}

@misc{140kRealFake,
  title = {140k {{Real}} and {{Fake Faces}}},
  urldate = {2025-08-25},
  abstract = {70k real faces (from Flickr) and 70k fake faces (GAN-generated)},
  howpublished = {https://www.kaggle.com/datasets/xhlulu/140k-real-and-fake-faces},
  langid = {english},
  file = {/home/edo/Zotero/storage/4P4EBNEU/140k-real-and-fake-faces.html}
}
@inproceedings{ccs,
  title={Learning-based conditional image coder using color separation},
  author={Jia, Panqi and Koyuncu, Ahmet Burakhan and Gaikov, Georgii and Karabutov, Alexander and Alshina, Elena and Kaup, Andr{\'e}},
  booktitle={2022 Picture Coding Symposium (PCS)},
  pages={49--53},
  year={2022},
  organization={IEEE}
}

@article{tolosana2020deepfakes,
  title={Deepfakes and beyond: A survey of face manipulation and fake detection},
  author={Tolosana, Ruben and Vera-Rodriguez, Ruben and Fierrez, Julian and Morales, Aythami and Ortega-Garcia, Javier},
  journal={Information Fusion},
  volume={64},
  pages={131--148},
  year={2020},
  publisher={Elsevier}
}
@article{goodfellow2014generative,
  title={Generative adversarial nets},
  author={Goodfellow, Ian J and Pouget-Abadie, Jean and Mirza, Mehdi and Xu, Bing and Warde-Farley, David and Ozair, Sherjil and Courville, Aaron and Bengio, Yoshua},
  journal={Advances in neural information processing systems},
  volume={27},
  year={2014}
}

@article{fernando2025face,
  title={Face Deepfakes--A Comprehensive Review},
  author={Fernando, Tharindu and Priyasad, Darshana and Sridharan, Sridha and Ross, Arun and Fookes, Clinton},
  year={2025}
}

@article{yang2023diffusion,
  title={Diffusion models: A comprehensive survey of methods and applications},
  author={Yang, Ling and Zhang, Zhilong and Song, Yang and Hong, Shenda and Xu, Runsheng and Zhao, Yue and Zhang, Wentao and Cui, Bin and Yang, Ming-Hsuan},
  journal={ACM computing surveys},
  volume={56},
  number={4},
  pages={1--39},
  year={2023},
  publisher={ACM New York, NY, USA}
}